@Manual{opendatatoronto,
    title = {opendatatoronto: Access the City of Toronto Open Data Portal},
    author = {Sharla Gelfand},
    year = {2022},
    note = {R package version 0.1.5},
    url = {https://CRAN.R-project.org/package=opendatatoronto},
    }
    

@Manual{citeR,
    title = {R: A Language and Environment for Statistical Computing},
    author = {{R Core Team}},
    organization = {R Foundation for Statistical Computing},
    address = {Vienna, Austria},
    year = {2023},
    url = {https://www.R-project.org/},
    }


@Manual{here,
    title = {here: A Simpler Way to Find Your Files},
    author = {Kirill Müller},
    year = {2020},
    note = {R package version 1.0.1},
    url = {https://CRAN.R-project.org/package=here},
  }


@Article{rohan,
    title = {Welcome to the {tidyverse}},
    author = {Hadley Wickham and Mara Averick and Jennifer Bryan and Winston Chang and Lucy D'Agostino McGowan and Romain François and Garrett Grolemund and Alex Hayes and Lionel Henry and Jim Hester and Max Kuhn and Thomas Lin Pedersen and Evan Miller and Stephan Milton Bache and Kirill Müller and Jeroen Ooms and David Robinson and Dana Paige Seidel and Vitalie Spinu and Kohske Takahashi and Davis Vaughan and Claus Wilke and Kara Woo and Hiroaki Yutani},
    year = {2019},
    journal = {Journal of Open Source Software},
    volume = {4},
    number = {43},
    pages = {1686},
    doi = {10.21105/joss.01686},
    }  
  
@article{young2023recreational,
  title={Recreational water exposures and illness outcomes at a freshwater beach in Toronto, Canada: a prospective cohort pilot study},
  author={Young, Ian and Sanchez, J Johanna and Desta, Binyam Negussie and Heasley, Cole and Tustin, Jordan},
  journal={PLoS One},
  volume={18},
  number={6},
  pages={e0286584},
  year={2023},
  publisher={Public Library of Science San Francisco, CA USA}
  }
  

@article{saleem2023same,
  title={Same-day Enterococcus qPCR results of recreational water quality at two Toronto beaches provide added public health protection and reduced beach days lost},
  author={Saleem, Faizan and Schellhorn, Herb E and Simhon, Albert and Edge, Thomas A},
  journal={Canadian Journal of Public Health},
  volume={114},
  number={4},
  pages={676--687},
  year={2023},
  publisher={Springer}
  }


@article{sanchez2021region,
  title={Region-specific associations between environmental factors and Escherichia coli in freshwater beaches in Toronto and Niagara region, Canada},
  author={Sanchez, Johanna and Tustin, Jordan and Heasley, Cole and Patel, Mahesh and Kelly, Jeremy and Habjan, Anthony and Waterhouse, Ryan and Young, Ian},
  journal={International Journal of Environmental Research and Public Health},
  volume={18},
  number={23},
  pages={12841},
  year={2021},
  publisher={MDPI}
  }

@article{saleem2022validation,
  title={Validation of qPCR method for enterococci quantification at Toronto beaches: Application for rapid recreational water monitoring},
  author={Saleem, Faizan and Edge, Thomas A and Schellhorn, Herb E},
  journal={Journal of Great Lakes Research},
  volume={48},
  number={3},
  pages={707--716},
  year={2022},
  publisher={Elsevier}
}


@Manual{dplyr,
    title = {dplyr: A Grammar of Data Manipulation},
    author = {Hadley Wickham and Romain François and Lionel Henry and Kirill Müller and Davis Vaughan},
    year = {2023},
    note = {R package version 1.1.2},
    url = {https://CRAN.R-project.org/package=dplyr},
    }
  

  
 @Article{tidyverse,
    title = {Welcome to the {tidyverse}},
    author = {Hadley Wickham and Mara Averick and Jennifer Bryan and Winston Chang and Lucy D'Agostino McGowan and Romain François and Garrett Grolemund and Alex Hayes and Lionel Henry and Jim Hester and Max Kuhn and Thomas Lin Pedersen and Evan Miller and Stephan Milton Bache and Kirill Müller and Jeroen Ooms and David Robinson and Dana Paige Seidel and Vitalie Spinu and Kohske Takahashi and Davis Vaughan and Claus Wilke and Kara Woo and Hiroaki Yutani},
    year = {2019},
    journal = {Journal of Open Source Software},
    volume = {4},
    number = {43},
    pages = {1686},
    doi = {10.21105/joss.01686},
    }
    
  
 @Manual{kableExtra,
    title = {kableExtra: Construct Complex Table with 'kable' and Pipe Syntax},
    author = {Hao Zhu},
    year = {2024},
    note = {R package version 1.4.0},
    url = {https://CRAN.R-project.org/package=kableExtra},
  }